<?xml version="1.0" encoding="UTF-8"?><collection xmlns="http://www.loc.gov/MARC21/slim"><record><leader>00440nam--2200145-i-4500</leader><controlfield tag="001">000034262</controlfield><controlfield tag="002">20161230</controlfield><controlfield tag="005">20161230201040</controlfield><controlfield tag="008">060222s1000------------r-----000-0-eng-d</controlfield><datafield ind1=" " ind2=" " tag="080"><subfield code="a">008:62</subfield></datafield><datafield ind1=" " ind2=" " tag="100"><subfield code="a">Munteanu, Costea</subfield></datafield><datafield ind1=" " ind2=" " tag="245"><subfield code="a">Progresul tehnic si implicatiile sale in activitatea de conducere. colectia probleme ale conducerii moderne</subfield></datafield><datafield ind1=" " ind2=" " tag="260"><subfield code="a">Bucuresti, Inid, 1984, 76p</subfield></datafield><datafield ind1=" " ind2=" " tag="490"><subfield code="a">Sintesa Dsocumentara Tematica</subfield></datafield><datafield ind1=" " ind2=" " tag="852"><subfield code="a">72076</subfield></datafield></record></collection>